<?xml version="1.0" encoding="UTF-8"?><collection xmlns="http://www.loc.gov/MARC21/slim"><record><leader>00390nam--2200121-i-4500</leader><controlfield tag="001">000019812</controlfield><controlfield tag="002">20161230</controlfield><controlfield tag="005">20161230201033</controlfield><controlfield tag="008">060222s1000------------r-----000-0-eng-d</controlfield><datafield ind1=" " ind2=" " tag="080"><subfield code="a">539.124(01)</subfield></datafield><datafield ind1=" " ind2=" " tag="245"><subfield code="a">Electron beam fusion.a bibliography with abstracts.search period covered 1964-august 1978</subfield></datafield><datafield ind1=" " ind2=" " tag="260"><subfield code="a">Springfield, National Technical Information Service, 1978. V + 87 P</subfield></datafield><datafield ind1=" " ind2=" " tag="852"><subfield code="a">D.1378</subfield></datafield></record></collection>